3200 4817
1291 966 2059 1060 ANHANG.

1571 1223 1786 1230 ψ

828 1416 886 1482 1.
982 1415 1126 1483 Das
1178 1414 1665 1500 apostolische
1711 1413 2519 1484 GlaubensbekenntniS.

1381 1537 1632 1605 Homil.
1682 1542 1766 1603 68
1784 1537 1977 1604 a—-b,
2105 1587 2116 1598 .

590 1735 698 1801 Ek
729 1740 876 1801 true
912 1739 953 1801 ἐι
983 1746 1136 1820 gup,
1178 1735 1369 1823 sopor
1397 1735 1629 1801 almat-

502 1841 635 1906 kan
667 1842 950 1926 skapara
975 1842 1231 1908 himens
1266 1843 1351 1909 ok
1374 1843 1626 1927 jarpar,

500 1957 581 2015 o²c
646 1952 689 2012 ἑ,
748 1946 800 2013 J
800 1970 947 2016 esus
1010 1949 1209 2014 Krist
1276 1971 1393 2016 son
1458 1949 1626 2014 hans

501 2055 805 2139 eingeten
839 2055 1313 2134 drottenvarn,
1346 2067 1524 2140 pann
1556 2077 1626 2122 es

501 2167 757 2245 getenn'
822 2182 890 2227 es
958 2160 1037 2226 af
1106 2161 1279 2228 anda
1347 2161 1626 2248 helgom,

499 2267 751 2333 borenn
796 2266 907 2333 fra·
929 2265 1145 2334 Mario
1175 2268 1390 2352 meyjo
1431 2269 1628 2353 pindr

499 2374 714 2440 under
803 2373 1281 2459 pond'verskom
1378 2373 1622 2454 Pilato,

500 2480 863 2547 krossfestr
876 2478 1225 2570 [mortuus]
1237 2481 1321 2548 ok
1332 2482 1625 2565 grafenn,

502 2589 654 2672 nipr
700 2591 800 2654 ste
839 2588 1017 2653 hann
1062 2588 1141 2652 til
1184 2589 1546 2672 niprstapa,
1586 2592 1628 2653 ἑ.

502 2693 720 2778 pripjo
753 2694 918 2779 dege
964 2695 1095 2761 reis
1126 2695 1304 2760 hann
1342 2718 1475 2780 upp
1523 2695 1627 2760 fre,

502 2801 789 2885 daupom
813 2822 1137 2890 monnom,
1167 2823 1300 2886 upp
1324 2807 1425 2868 ste
1449 2802 1629 2868 hann

500 2908 581 2972 til
626 2907 868 2989 himna,
918 2909 1037 2974 sitr
1079 2908 1257 2973 hann
1301 2910 1380 2974 til
1420 2908 1627 2994 hogre

502 3013 761 3078 handar
806 3025 975 3098 gups
1020 3013 1211 3100 sopor
1254 3014 1625 3099 almatteg8‚

502 3128 725 3202 papan
749 3140 901 3183 mon
923 3118 1099 3184 hann
1121 3120 1316 3187 koma
1336 3127 1408 3188 at
1431 3122 1626 3190 doma

499 3225 713 3309 kykva
760 3224 844 3290 ok
892 3224 1127 3310 daupa.

589 3329 701 3397 Ek
731 3336 881 3396 true
925 3353 1047 3398 enn
1094 3332 1181 3398 ok
1221 3335 1262 3397 ἐ,
1292 3332 1466 3399 anda
1498 3353 1623 3398 enn

499 3438 721 3522 helga,
770 3436 965 3523 helga
1009 3438 1259 3505 kristne
1305 3439 1628 3505 almenne-

498 3544 669 3629 lega,
698 3544 1001 3630 heilagra
1024 3546 1341 3630 sameign,
1372 3543 1626 3612 aflausn

500 3661 728 3737 synpa„
761 3651 933 3718 hollz
957 3653 1181 3737 upriso
1207 3653 1291 3719 ok
1313 3652 1624 3737 lifeilegt,

500 3762 649 3823 vist.
762 3763 769 3770 '

1825 1733 2042 1800 Credo
2090 1733 2158 1796 in
2205 1733 2396 1798 deum
2429 1738 2686 1817 patrem
2726 1753 2859 1797 om-

1733 1841 2135 1924 nipotentem
2172 1853 2532 1904 creatorem
2579 1839 2742 1904 coeli
2789 1847 2856 1904 et

1734 1954 1970 2014 terrae.
2019 1946 2114 2011 Et
2145 1947 2214 2010 in
2244 1944 2297 2012 J
2299 1967 2480 2011 esum
2513 1943 2854 2011 Christum

1733 2054 1940 2120 filium
2003 2054 2140 2120 eius
2199 2053 2461 2118 unicum
2522 2051 2854 2117 dominum

1733 2167 2047 2243 nostrum,
2096 2161 2211 2244 qui
2241 2164 2593 2243 conceptus
2628 2165 2727 2224 est
2775 2159 2855 2224 de

1735 2268 1971 2351 spiritu
2001 2273 2246 2348 sanct0,
2289 2272 2482 2331 natus
2530 2288 2609 2330 ex
2637 2264 2857 2331 Maria

1731 2375 1984 2458 virgine
2003 2424 2018 2451 ,
2105 2393 2338 2457 passus
2415 2372 2534 2438 sub
2617 2372 2860 2438 Pontio

1732 2480 1979 2560 Pilato,
2029 2477 2371 2546 crucifixus
2383 2528 2400 2561 ,
2447 2483 2744 2544 mortuus
2793 2483 2864 2543 et

1736 2587 2049 2671 sepultus·
2096 2585 2461 2652 Descendit
2475 2584 2561 2651 ad
2578 2585 2858 2668 inferna,

1735 2694 1934 2760 tertia
1964 2692 2070 2759 die
2101 2695 2457 2760 resurrexit
2491 2715 2533 2760 a
2563 2693 2859 2759 mortuis.

1732 2799 2058 2866 Ascendit
2103 2800 2187 2865 ad
2236 2801 2482 2882 coeloe,
2531 2798 2716 2866 sedet
2770 2798 2856 2864 ad

1736 2906 2074 2973 dexteram
2159 2906 2265 2972 dei
2354 2908 2566 2991 patris
2659 2906 2862 2973 omni-

1732 3014 2053 3097 potentis,
2139 3013 2291 3080 inde
2367 3019 2680 3079 venturus
2757 3019 2864 3078 est

1733 3117 2022 3186 iudicare
2068 3120 2245 3186 vivos
2291 3125 2358 3187 et
2402 3126 2712 3186 mortuos·

1821 3223 2034 3293 Credo
2093 3233 2158 3292 et
2216 3227 2284 3292 in
2331 3227 2632 3312 spiritum
2679 3247 2860 3292 sanc-

1732 3338 1894 3414 tum,
1942 3338 2234 3398 sanctam
2267 3334 2606 3400 ecclesiam
2637 3333 2857 3400 catho-

1734 3439 1963 3521 licam,
2033 3447 2408 3507 sanctorum
2471 3441 2857 3506 communio-

1733 3566 1903 3628 nem,
1937 3547 2380 3612 remissionem
2413 3553 2854 3631 peccatorum,

1734 3653 1946 3718 carnis
1976 3654 2520 3720 resurrectionem
2559 3659 2622 3720 et
2654 3653 2855 3720 vit-am

1732 3765 2087 3841 aeternam,
2134 3780 2341 3827 amen.
