3200 4817
1426 345 1555 406 429

941 643 1006 710 3.
1075 644 1208 712 mo
1252 595 1706 714 mnemon
1751 644 2051 714 christi.

495 871 685 939 Dixit
725 877 945 938 autem
984 872 1035 939 J
1038 894 1185 940 esus
1232 873 1320 940 ad
1366 895 1496 955 eoS,
1544 875 1660 958 qui
1703 880 2018 942 venerant
2063 875 2150 942 ad
2197 896 2266 942 se
2315 877 2680 965 [principes

320 979 734 1046 sacerdotum
751 1031 769 1064 ,
835 986 902 1046 et
957 981 1385 1064 magistratus
1430 982 1692 1065 templi,
1754 987 1822 1048 et
1882 981 2228 1071 senioresJ:
2308 981 2515 1066 Quasi
2583 985 2680 1051 ad

299 1087 641 1153 'latronem
674 1088 899 1152 existis
940 1108 1089 1152 cum
1130 1087 1387 1171 gladiis,
1438 1094 1503 1153 et
1535 1087 1822 1154 fustibus
1839 1086 1871 1152 P
1941 1086 2108 1154 Cum
2139 1090 2432 1172 quotidie
2463 1089 2681 1157 vobis-

317 1214 464 1258 cum
493 1192 731 1258 fuerim
772 1195 841 1260 in
870 1195 1135 1278 temp10‚
1177 1216 1310 1260 non
1340 1195 1726 1261 extendistis
1757 1215 2024 1262 manum
2059 1196 2130 1262 in
2175 1217 2312 1262 me:
2362 1197 2478 1264 sed
2507 1197 2678 1264 haec

326 1307 424 1366 est
470 1299 633 1366 hora
679 1305 916 1384 vestra,
964 1307 1031 1365 et
1083 1307 1380 1384 potestas
1410 1300 1828 1367 tenebrarum
1876 1301 2066 1388 (Luc.
2097 1301 2353 1386 XXII,
2399 1307 2502 1369 52.
2532 1303 2677 1390 53)-

491 1424 657 1490 Tum
728 1431 1147 1490 accesserunt
1163 1473 1180 1506 ,
1258 1431 1323 1489 et
1390 1446 1620 1490 manus
1688 1425 2049 1491 iniecerunt
2115 1427 2184 1492 in
2252 1426 2304 1492 J
2307 1449 2488 1494 esum
2505 1474 2522 1509 ,
2597 1436 2663 1494 et

314 1536 662 1597 tenuerunt
710 1554 878 1598 eum.
970 1530 1063 1597 Et
1107 1553 1255 1598 ecce
1298 1553 1466 1597 unus
1524 1554 1604 1597 ex
1664 1532 1800 1613 his,
1863 1533 1978 1615 qui
2039 1539 2223 1600 erant
2283 1555 2431 1600 cum
2475 1534 2527 1600 J
2530 1556 2676 1618 esu,

316 1638 669 1704 extendens
715 1660 998 1720 manum,
1046 1640 1289 1705 exemit
1318 1639 1610 1722 gladium
1643 1660 1850 1722 suum,
1901 1645 1968 1704 et
2007 1642 2378 1724 percutiens
2411 1663 2668 1708 servum

314 1746 627 1830 principis
675 1745 1087 1812 sacerdotum
1128 1747 1493 1830 amputavit
1536 1747 1898 1812 auriculam
1946 1747 2104 1812 eius.
2195 1745 2382 1812 Tunc
2425 1749 2520 1814 ait
2566 1749 2668 1814 illi

312 1850 364 1916 J
366 1873 547 1918 esus:
644 1851 967 1918 Converte
1011 1852 1304 1936 gladium
1348 1860 1535 1918 tuum
1580 1853 1649 1917 in
1693 1852 1909 1919 locum
1949 1875 2156 1934 suum,
2205 1875 2426 1920 omnes
2475 1856 2676 1938 enim,

312 1961 424 2042 qui
472 1960 847 2043 acceperint
876 1959 1188 2044 gladium,
1236 1959 1456 2043 gladio
1488 1959 1814 2044 peribunt.
1905 1958 2019 2024 An
2063 1964 2280 2045 putas,
2330 1961 2488 2044 quia
2534 1983 2670 2027 non

311 2087 580 2150 pos-sum
611 2087 845 2150 rogare
875 2072 1133 2150 patrem
1162 2088 1401 2150 meum,
1436 2073 1502 2132 et
1534 2063 1868 2133 exhibebit
1900 2066 2059 2132 mihi
2089 2068 2284 2135 modo
2313 2069 2668 2152 plusquam

312 2172 656 2239 duodecim
714 2174 1005 2258 legiones
1068 2171 1494 2257 angelorum?
1585 2174 1929 2259 Quomodo
1992 2196 2146 2258 ergo
2213 2175 2676 2259 implebuntur

311 2281 691 2365 scripturae,
758 2282 915 2365 quia
962 2280 1055 2347 sic
1102 2286 1362 2365 oportet
1403 2279 1593 2346 fieri?
1685 2281 1954 2365 (Matth.
2000 2280 2283 2364 XXVI,
2341 2283 2664 2370 50—54.)

484 2403 807 2489 Calicem,
874 2407 1075 2490 'quem
1145 2407 1327 2472 dedit
1391 2407 1551 2472 mihi
1620 2413 1812 2491 pater
1829 2455 1847 2490 ,
1923 2428 2054 2473 non
2120 2406 2345 2473 bibam
2425 2406 2612 2471 illum
2629 2404 2673 2470 ἓ

310 2510 495 2596 (Joh.
543 2511 827 2597 XVIII,
880 2513 1010 2600 11).

485 2617 579 2684 Et
646 2642 792 2685 cum
860 2620 1186 2703 tetigisset
1256 2620 1618 2685 auriculam
1684 2621 1857 2701 eius,
1927 2621 2186 2685 sanavit
2248 2641 2396 2685 eum
2467 2619 2666 2706 (Luc.

306 2723 561 2809 XXII,
612 2725 749 2813 51).

487 2847 738 2915 Cohors
786 2870 973 2933 erg0,
1042 2856 1107 2916 et
1168 2849 1468 2916 tribunus
1485 2899 1502 2932 ,
1569 2856 1636 2916 et
1685 2849 1971 2916 ministri
2016 2848 2068 2914 J
2067 2850 2428 2915 udaeorum
2488 2870 2670 2916 com·—

305 2955 793 3039 prehenderunt
822 2955 874 3021 J
877 2977 1078 3038 esum,
1128 2962 1196 3022 et
1239 2956 1608 3040 ligaverunt
1650 2979 1830 3023 eum:
1923 2955 2019 3022 Et
2065 2956 2479 3022 adduxerunt
2509 2978 2669 3023 eum

308 3063 393 3127 ad
437 3062 710 3129 Annam
754 3064 1037 3148 primum
1088 3115 1103 3130 .
1154 3112 1169 3128 .
1219 3114 1233 3129 .
1290 3066 1403 3147 qui
1451 3071 1591 3130 erat
1632 3064 1948 3149 pontifex
2006 3064 2184 3129 illius
2246 3064 2400 3130 anni
2469 3062 2549 3151 (J
2551 3061 2666 3130 oh.

302 3167 591 3254 XVIII,
644 3174 747 3237 12.
796 3153 941 3260 13).'

480 3294 667 3362 Tunc
719 3295 1025 3379 discipuli
1086 3295 1223 3363 eius
1284 3295 1729 3380 relinquentes
1791 3318 1938 3363 eum
1955 3347 1972 3380 ,
2056 3317 2276 3362 omnes
2346 3295 2661 3380 fugerunt.

305 3402 537 3490 (Marc.
586 3403 789 3486 XIV,
841 3403 976 3491 50).

480 3511 717 3578 Petrus
763 3518 983 3578 autem
1030 3511 1427 3593 sequebatur
1474 3533 1622 3576 611111
1669 3532 1710 3576 a
1756 3511 1950 3594 longe
1970 3561 1988 3594 ,
2042 3530 2248 3592 usque
2294 3509 2363 3572 in
2410 3511 2664 3575 atrium.

301 3618 617 3701 principis
667 3619 1079 3685 sacerdotum
1127 3618 1393 3705 (Matth.
1444 3615 1726 3701 XXVI,
1777 3617 1912 3704 58).

485 3739 769 3808 Stabant
813 3747 1036 3807 autem
1082 3742 1280 3824 servi,
1330 3747 1395 3806 et
1441 3742 1725 3806 ministri
1769 3741 1855 3808 ad
1898 3762 2178 3826 prunas:
2243 3740 2422 3823 quia·
2448 3740 2667 3824 frigus.

304 3855 465 3932 erat,
517 3855 585 3912 et
628 3848 1107 3914 calefaciebant
1152 3869 1249 3914 se:
1300 3843 1443 3914 erat
1490 3855 1710 3915 autem
1751 3871 1898 3916 cum
1939 3850 2032 3914 eis
2075 3853 2140 3914 et
2169 3848 2408 3915 Petrus
2449 3854 2659 3931 stanS,

304 3961 369 4018 et
418 3953 807 4021 calefaciens
854 3977 923 4020 se
971 3954 1050 4043 (J
1051 3955 1150 4020 oh.
1195 3953 1483 4039 XVIII,
1542 3956 1678 4044 18).

482 4127 497 4143 .
534 4127 549 4142 .
584 4127 601 4143 .
646 4086 713 4145 et
758 4082 1037 4146 accessit
1082 4080 1169 4146 ad
1216 4102 1364 4147 eum
1408 4101 1540 4144 una
1586 4080 1848 4164 ancilla,
1896 4079 2151 4146 dicens:
2242 4079 2338 4146 Et
2382 4085 2456 4145 tu
2503 4100 2652 4144 cum

298 4185 352 4253 J
352 4209 469 4254 esu
513 4183 777 4253 Galileo
842 4207 1006 4254 eras,
1095 4185 1200 4252 At
1260 4186 1371 4250 ille
1423 4188 1688 4270 negavit
1735 4208 1956 4253 coram
2001 4185 2302 4254 omnibus
2318 4235 2335 4267 ,
2398 4184 2619 4251 dicens
2636 4209 2664 4250 r

299 4291 542 4360 Nescio
599 4292 759 4377 quid
822 4293 1000 4359 dicis.
1090 4293 1396 4360 Exeunte
1458 4299 1681 4360 autem
1741 4293 1855 4360 illo
1917 4295 2214 4377 ianuam,
2277 4291 2441 4358 vidit
2504 4312 2656 4357 eum
