3200 4817
1487 357 1624 437 4235⁴

389 574 489 642 At
548 576 691 660 ipse
752 573 924 638 nihil
999 571 1099 638 illi
1175 570 1627 657 respondebat.
1749 568 2033 636 Stabant
2100 574 2320 636 autem
2406 569 2730 654 principes

389 683 800 752 sacerdotum
818 733 835 765 ,
900 686 967 747 et
1028 679 1283 746 scribae
1344 684 1724 757 constanter
1768 681 2149 744 accusantes
2213 697 2378 742 eum.
2469 675 2732 762 Sprevit

388 796 609 857 autem
652 789 839 856 illum
883 787 1189 855 Herodes
1236 836 1251 852 .
1301 835 1315 851 .
1367 836 1383 858 .
1432 834 1445 849 .
1493 791 1559 853 61
1602 784 1858 852 remisit
1904 782 1988 849 ad
2028 782 2338 862 Pilatum.
2431 781 2525 850 Et
2569 785 2729 851 facti

388 904 555 965 sunt*
586 898 780 965 amici
812 896 1116 962 Herodes
1158 900 1227 962 et
1257 894 1513 964 Pilatus
1558 894 1627 959 in
1671 894 1816 978 ipsa
1862 891 2002 957 die:
2050 909 2203 958 nam
2248 897 2442 959 antea
2485 892 2733 960 inimici

391 1013 583 1093 erant
660 1006 746 1072 ad
828 1005 1118 1071 invicem.
1233 1002 1491 1074 Pilatus
1572 1005 1796 1068 autem
1879 999 2250 1066 convocatis
2329 1000 2732 1094 principibus

389 1113 821 1194 sacerdotum,
870 1117 936 1177 et
979 1110 1495 1196 magistratibus,
1546 1115 1616 1176 et
1659 1108 1874 1193 plebe,
1922 1107 2090 1174 dixit
2133 1107 2222 1176 ad
2265 1107 2432 1175 illos.
2523 1109 2732 1178 Obtu-

386 1221 555 1288 listis
600 1220 761 1286 mihi
806 1219 980 1285 hunc
1026 1219 1373 1302 hominem,
1422 1217 1616 1302 quasi
1647 1220 2044 1283 avertentem
2089 1215 2420 1300 populum,
2467 1221 2537 1282 et
2583 1239 2730 1282 ecce

392 1349 511 1413 ego
558 1349 779 1395 coram
824 1326 1006 1394 vobis
1053 1324 1465 1414 interrogans
1504 1323 1752 1390 nullam
1795 1344 2058 1389 causam
2094 1323 2311 1389 inveni
2356 1323 2424 1389 in
2468 1324 2731 1391 homine

392 1437 521 1503 isto
570 1457 650 1502 ex
694 1435 831 1517 his,
894 1434 963 1499 in
1010 1432 1245 1517 quibus
1293 1426 1440 1500 eum
1500 1430 1844 1498 accusatis.
1939 1429 2072 1498 Sed
2131 1451 2346 1515 neque
2391 1430 2729 1499 Herodes:

388 1592 402 1609 .
437 1592 452 1608 .
487 1591 501 1607 .
539 1593 555 1609 .
588 1541 1029 1610 Emendatum
1076 1562 1231 1626 ergo
1276 1540 1463 1610 illum
1510 1534 1839 1605 dimittam
1885 1537 2074 1624 (Luc.
2117 1538 2414 1623 XXIII,
2463 1539 2730 1628 5—16).

564 1650 775 1738 (Dicit
796 1649 1054 1716 Pilatus
1071 1648 1117 1736 ε)
1165 1647 1292 1713 Ε61
1314 1653 1534 1720 61116111
1560 1645 1963 1714 consuetudo
1986 1645 2169 1713 vobis
2192 1652 2269 1713 ut
2291 1669 2490 1712 unum
2516 1647 2732 1713 dimit-

384 1764 522 1825 tam
538 1756 721 1824 vobis
734 1757 803 1822 in
820 1755 1096 1823 Pascha:
1115 1755 1307 1824 vultis
1327 1777 1483 1839 ergo
1501 1754 1829 1819 dimittam
1842 1752 2025 1818 vobis
2041 1775 2264 1838 1636111
2277 1753 2329 1820 J
2330 1753 2730 1821 udaeorum‘?

386 1865 850 1932 Olamaverunt
886 1884 1039 1946 ergo
1078 1881 1337 1934 rursum
1379 1881 1620 1942 omnes,
1668 1860 1987 1927 dicentes:
2059 1861 2205 1927 Non
2243 1862 2416 1928 hunc
2453 1863 2571 1928 sed
2600 1861 2732 1926 Ba-

384 1970 675 2038 rabbam.
753 1969 923 2036 Erat
960 1974 1181 2034 autem
1211 1967 1555 2036 Barabbas
1594 1968 1783 2035 latro.
1859 1965 2048 2034 Tunc
2093 1990 2252 2053 ergo
2294 1969 2732 2054 apprehendit

385 2078 645 2145 Pilatus
698 2077 750 2144 J
752 2099 932 2144 esum
947 2125 963 2158 ‚
1010 2083 1077 2143 et
1120 2075 1497 2161 flagellavit.
1591 2075 1684 2141 Et
1727 2075 1968 2142 milites
2014 2076 2378 2162 plectentes
2425 2096 2730 2144 coronam

384 2185 467 2252 de
528 2185 749 2270 spinis,
796 2187 1241 2270 imposuerunt
1286 2183 1487 2268 capiti
1533 2185 1706 2250 eius:
1764 2190 1832 2249 et
1875 2187 2056 2249 veste
2101 2205 2434 2270 purpurea
2465 2185 2732 2252 circum·

384 2293 705 2360 dederunt
751 2314 915 2358 eum.
1006 2290 1099 2356 Et
1144 2290 1489 2360 veniebant
1534 2291 1623 2357 ad
1669 2312 1818 2357 eum
1863 2297 1928 2357 et
1973 2290 2312 2358 dicebant:
2406 2290 2554 2359 Ave
2612 2313 2729 2358 rex

381 2399 433 2466 J
432 2401 819 2468 udaeorum:
870 2405 938 2465 et
982 2398 1231 2468 dabant
1276 2399 1338 2466 ei
1382 2399 1633 2483 alapas.
1727 2395 1949 2464 Exivit
2000 2420 2158 2484 ergo
2205 2399 2442 2466 iterum
2472 2399 2729 2466 Pilatus

384 2506 565 2576 foras
597 2513 667 2574 61
696 2506 857 2573 dicit
888 2508 1013 2573 eis:
1061 2505 1238 2576 Ecce
1276 2506 1533 2573 adduco
1564 2506 1748 2572 vobis
1781 2529 1927 2573 eum
1958 2506 2153 2589 foras,
2192 2513 2270 2572 ut
2299 2508 2728 2592 cognoscatis,

382 2614 539 2698 quia
570 2613 817 2678 1111116111
861 2613 1119 2679 invenio
1164 2614 1233 2678 in
1278 2635 1355 2680 eo
1404 2635 1685 2679 causam.
1755 2612 1981 2679 Exivit
2026 2634 2180 2698 ergo
2211 2614 2263 2680 J
2263 2635 2411 2680 esus
2455 2620 2728 2698 portans

382 2741 689 2786 coronam
720 2718 1009 2803 spineam
1055 2766 1068 2781 .
1106 2767 1121 2784 .
1166 2767 1181 2783 .
1222 2767 1237 2782 .
1310 2718 1478 2784 Cum
1524 2740 1681 2803 ergo
1728 2718 2042 2786 vidissent
2079 2741 2227 2786 eum
2256 2719 2615 2806 pontifices,
2663 2728 2730 2787 et

382 2825 681 2910 ministri,
730 2825 1123 2906 clamabant,
1156 2824 1477 2892 dicentes:
1551 2825 1898 2910 Crucifige,
1947 2827 2252 2912 crucifige
2291 2850 2456 2894 eum.
2548 2827 2731 2894 Dicit

384 2934 476 3000 eis
522 2933 814 2998 Pilatus:
905 2931 1211 3017 Accipite
1260 2955 1409 2999 eum
1452 2955 1565 3000 vos
1613 2940 1682 2999 et
1727 2932 2118 3018 crucifigite:
2183 2955 2303 3020 ego
2368 2936 2539 3002 enim
2598 2958 2728 3002 non

387 3040 639 3107 invenio
685 3041 754 3105 in
802 3062 877 3107 66
924 3061 1207 3110 causam.
1299 3040 1810 3126 Responderunt
1855 3042 1916 3108 ei
1961 3041 2013 3107 J
2013 3040 2239 3108 udaei:
2331 3042 2472 3109 Nos
2515 3044 2728 3129 legem

381 3147 719 3241 habemus,
756 3153 822 3214 et
845 3148 1200 3218 secundum
1223 3149 1431 3234 legem
1467 3149 1663 3216 debet
1685 3150 1871 3233 mori,
1905 3150 2062 3234 quia
2083 3149 2289 3216 filium
2322 3151 2427 3216 dei
2459 3173 2527 3218 se
2550 3151 2722 3217 fecit.

382 3254 550 3322 Cum
609 3277 762 3340 ergo
822 3256 1122 3346 audisset
1181 3256 1440 3323 Pilatus
1507 3257 1683 3323 hunc
1743 3278 2135 3339 sermonem,
2205 3259 2416 3343 magis
2483 3259 2724 3326 timuit.

380 3363 473 3430 Et
538 3364 869 3449 ingressus
941 3370 1044 3432 est
1112 3365 1515 3450 praetorium
1581 3365 1853 3432 iterum:
1931 3371 1999 3431 et
2066 3365 2231 3431 dixit
2299 3363 2388 3430 ad
2453 3364 2505 3430 J
2507 3385 2724 3432 esum:

382 3470 577 3538 Unde
622 3493 692 3538 66
739 3470 861 3538 tu?
951 3471 1003 3537 J
1004 3492 1151 3538 esus
1212 3477 1432 3539 autem
1492 3493 1878 3557 responsum
1939 3492 2068 3536 non
2132 3471 2312 3538 dedit
2372 3471 2452 3537 ei.
2543 3471 2727 3538 Dicit

385 3597 539 3660 ergo
578 3578 640 3642 ei
668 3577 957 3644 Pilatus:
1029 3577 1201 3643 Mihi
1244 3600 1376 3645 non
1422 3579 1709 3662 loqueris
1725 3577 1757 3642 Ρ
1847 3577 2082 3644 Ν66616
2128 3578 2284 3662 quia
2327 3583 2725 3662 potestatem

381 3681 591 3749 habeo
662 3683 1043 3768 crucifigere
1118 3691 1184 3750 te
1204 3733 1221 3766 ,
1302 3693 1367 3751 61
1443 3690 1835 3770 potestatem
1911 3685 2123 3751 habeo
2203 3684 2532 3752 dimittere
2609 3685 2724 3753 te?
2810 3707 2817 3713 ·

386 3789 755 3875 Respondit
823 3789 875 3855 J
877 3811 1057 3856 esus:
1148 3790 1302 3858 Non
1376 3790 1655 3862 haberes
1731 3796 2124 3876 potestatem
2202 3793 2546 3859 adversum
2622 3816 2724 3862 me

380 3895 618 3981 ullam,
686 3897 815 3963 nisi
882 3897 1005 3983 tibi
1073 3897 1299 3965 datum
1368 3904 1542 3964 esset
1612 3899 1912 3984 desuper.
2026 3899 2386 3985 Propterea
2446 3901 2562 3985 qui
2621 3923 2724 3969 me

380 4003 659 4070 tradidit
716 4003 875 4087 tibi,
935 4005 1143 4072 maius
1196 4011 1539 4090 peccatum
1600 4005 1821 4073 habet.
1913 4005 2006 4072 Et
2067 4006 2300 4072 exinde
2363 4007 2724 4091 quaerebat

381 4109 639 4178 Pilatus
699 4110 1033 4178 dimittere
1092 4133 1257 4178 eum.
1364 4113 1415 4180 J
1416 4113 1610 4180 udaei
1680 4119 1897 4181 autem
1967 4113 2339 4182 clamabant
2397 4114 2720 4182 dicentes:

381 4216 455 4285 Si
501 4217 673 4284 hunc
719 4217 1014 4301 dimittis,
1061 4240 1189 4286 non
1230 4241 1300 4286 es
1332 4221 1577 4287 amicus
1611 4220 1951 4288 Caesaris:
2002 4222 2209 4288 omnis
2259 4222 2446 4304 enim,
2483 4223 2608 4306 qui
2653 4245 2721 4289 se

380 4346 601 4414 regem
647 4325 823 4412 facit,
872 4326 1264 4396 contradicit
1296 4327 1586 4398 Caesari.
1678 4329 1938 4404 Pilatus
1967 4334 2188 4396 61116111
2237 4351 2383 4394 611111
2429 4330 2724 4397 audisset

2289 4435 2402 4493 23*
