3200 4817
1466 353 1593 414 441

1377 445 1443 452 ..-

368 567 458 631 Ε1
518 566 693 631 circa
752 564 982 631 horam
1035 585 1270 628 nonam
1324 563 1633 629 clamavit
1677 561 1728 627 J
1731 584 1876 628 esus
1923 583 2078 628 voce
2123 585 2394 646 magna,
2459 564 2714 630 dicens:

368 673 496 756 Eli,
545 673 658 737 Eli
702 672 947 736 lamma
993 668 1425 736 sabacthani?
1472 670 1595 736 hoc
1645 676 1776 735 est:
1826 668 2010 734 Deus
2055 691 2257 751 meus,
2302 669 2486 737 Deus
2533 693 2716 738 meus

368 786 443 845 ut
519 779 678 861 quid
757 777 1161 860 dereliquisti
1236 773 1387 841 me?
1479 774 1765 860 Quidam
1842 781 2060 841 autem
2130 776 2266 840 illic
2336 783 2581 843 stantes
2651 784 2718 842 et

369 885 743 965 audientes,
793 883 1129 950 dicebant:
1224 882 1445 948 Eliam
1493 889 1680 948 vocat
1723 883 1869 947 iste.
1963 882 2054 971 Et
2100 883 2404 949 continuo
2453 905 2718 950 currens

368 1013 535 1057 unus
584 1013 662 1056 ex
711 991 803 1056 eis
849 995 1185 1072 acceptam
1248 989 1589 1072 spongiam
1652 989 1944 1071 implevit
2004 996 2222 1071 acet0‚
2287 996 2352 1055 et
2411 991 2720 1074 imposuit

368 1097 707 1177 arundini,
778 1103 844 1164 et
905 1095 1107 1162 dabat
1168 1096 1229 1160 ei
1288 1095 1525 1160 bibere.
1633 1093 1856 1160 Ceteri
1918 1116 2068 1159 vero
2131 1096 2466 1162 dicebant:
2562 1096 2718 1163 Sine

374 1204 710 1270 videamus
756 1225 841 1269 an
886 1202 1104 1268 veniat
1148 1201 1334 1268 Elias
1380 1202 1667 1284 liberans
1716 1224 1878 1267 eum.
1969 1201 2020 1266 J
2023 1224 2170 1267 esus
2219 1210 2438 1269 autem
2484 1205 2720 1270 iterum

379 1311 666 1376 clamans
714 1330 870 1375 voce
917 1331 1173 1394 magna,
1224 1309 1437 1374 emisit
1483 1309 1802 1392 spiritum.
1895 1308 1988 1374 Et
2043 1330 2190 1374 ecce
2237 1313 2447 1379 velum
2494 1314 2720 1397 templi

376 1417 650 1482 scissum
698 1423 797 1482 est
841 1418 909 1481 in
955 1417 1118 1481 duas
1165 1422 1386 1498 partes
1433 1437 1473 1481 a
1520 1437 1768 1482 summo
1814 1438 2020 1498 usque
2063 1416 2385 1499 deorsum,
2434 1422 2500 1483 et
2544 1425 2720 1483 terra

377 1530 556 1589 mota
604 1531 721 1606 est,
771 1530 836 1589 et
882 1530 1105 1607 petrae
1154 1523 1392 1588 scissae
1431 1529 1600 1588 sunt.
1694 1522 1785 1586 Et
1823 1530 2238 1588 monumenta
2275 1531 2506 1607 aperta
2538 1530 2718 1590 sunt:

374 1637 439 1696 et
508 1632 718 1695 multa
781 1651 1055 1714 corpora
1118 1636 1490 1697 sanctorum
1506 1677 1524 1710 ‚
1599 1629 1713 1712 qui
1776 1629 2210 1710 dormierant,
2283 1637 2717 1697 surrexerunt.

376 1737 466 1802 Et
499 1742 805 1802 exeuntes
854 1737 935 1802 de
967 1737 1397 1802 monumentis
1436 1742 1585 1819 post
1623 1736 2166 1800 resurrectionem
2207 1739 2367 1819 eiuS,
2407 1744 2722 1802 venerunt

373 1844 441 1906 in
472 1849 764 1908 sanctam
805 1843 1149 1924 civitatem,
1199 1849 1267 1908 et
1307 1849 1755 1925 apparuerunt
1792 1843 2030 1908 multis,
2127 1842 2439 1909 Centurio
2479 1851 2718 1926 autem,

375 1955 442 2014 et
487 1951 599 2032 qui
647 1970 793 2014 cum
840 1971 917 2016 eo
966 1956 1173 2032 erant,
1225 1950 1664 2015 custodientes
1710 1948 1762 2014 J
1765 1971 1964 2031 esum,
2020 1951 2159 2014 viso
2206 1956 2610 2018 terraemotu
2655 1959 2723 2018 et

374 2055 513 2139 his,
584 2077 755 2139 quae
824 2054 1100 2137 fiebant,
1171 2057 1527 2121 timuerunt
1593 2056 1816 2137 valde,
1885 2057 2212 2122 dicentes:
2302 2059 2479 2127 Vere
2547 2057 2722 2124 filius

375 2161 481 2227 dei
550 2168 694 2227 erat
753 2163 898 2227 iste.
994 2163 1204 2229 Erant
1271 2169 1491 2228 autem
1559 2162 1652 2227 ibi
1720 2164 2024 2229 mulieres
2103 2163 2347 2230 multae
2409 2185 2450 2228 a
2508 2164 2721 2247 longe,

375 2290 542 2352 quae
590 2274 854 2334 secutae
902 2276 1088 2335 erant
1132 2268 1183 2334 J
1186 2291 1367 2336 esum
1414 2291 1455 2335 a
1499 2267 1782 2351 Galilea,
1845 2270 2297 2336 ministrantes
2346 2272 2405 2337 ei
2454 2270 2720 2357 (Matth.

374 2375 697 2458 XXVII,
746 2377 1059 2464 45—55).

1152 4322 1187 4358 Χ

1213 4413 1349 4449 Druck
1371 4425 1449 4451 von
1470 4389 1518 4452 *A-
1540 4417 1690 4458 1101ssoe
1709 4417 1753 4450 in
1774 4417 1890 4459 Burc-

1290 4375 1533 4392 ΛΜΛΛἈΜ
