3200 4817
1456 305 1587 380 439

534 511 815 616 Scripsit
852 526 1069 594 autem
1104 525 1169 594 et
1199 521 1463 595 titulum
1494 529 1786 596 Pilatus:
1836 534 1903 595 et
1938 527 2158 612 posuit
2195 549 2391 614 super
2438 549 2697 596 crucem

357 638 436 725 (J
437 638 541 704 oh.
592 636 802 719 XIX,
854 637 983 724 19).

533 743 703 811 Erat
762 751 981 811 autem
1044 750 1111 812 et
1169 745 1638 830 superscriptio
1697 744 1937 829 scripta
1999 759 2197 828 super
2257 764 2404 811 eum
2461 744 2700 811 litteris

354 853 603 936 graecis
618 900 635 934 ,
708 858 773 920 et
829 852 1055 918 latinis
1070 901 1087 934 ,
1159 857 1227 918 et
1291 851 1651 920 hebraicis:
1744 850 1880 918 Hic
1951 857 2050 918 est
2110 873 2225 917 rex
2284 851 2695 920 Judaeorum

355 959 543 1047 (Luc.
589 959 883 1043 XXIII,
932 961 1069 1048 38).

530 1067 623 1132 Et
668 1067 887 1134 stabat
931 1068 1211 1151 populus
1257 1074 1578 1151 spectans,
1636 1073 1704 1132 et
1749 1066 2135 1133 deridebant
2179 1087 2326 1132 eum
2372 1067 2698 1152 principes

354 1195 501 1240 eum
547 1174 657 1257 eis,
707 1173 997 1241 dicentes
1044 1174 1233 1264 (Luc.
1279 1173 1577 1258 XXIII,
1629 1176 1768 1263 35):

534 1331 549 1347 .
582 1329 597 1347 .
633 1330 648 1348 .
683 1282 865 1348 salva
894 1283 1339 1367 temetipsum:
1388 1283 1444 1348 si
1480 1281 1654 1348 filius
1703 1282 1809 1348 dei
1856 1303 1946 1365 es,
1995 1281 2314 1349 descende
2359 1281 2442 1350 de
2488 1301 2697 1354 cruce.

353 1386 669 1455 Similiter
713 1394 781 1456 et
832 1390 1163 1476 principes
1219 1390 1634 1458 sacerdotum
1687 1385 2040 1456 illudentes
2096 1409 2245 1454 cum
2301 1388 2566 1472 scribis,
2633 1394 2701 1455 et

352 1495 717 1563 senioribus
764 1497 1069 1565 dicebant
1083 1546 1099 1565 .
1190 1497 1383 1565 Alios
1444 1499 1662 1565 salvos
1723 1497 1910 1580 fecit,
1973 1497 2260 1582 seipsum
2303 1519 2434 1562 non
2479 1501 2700 1582 potest

350 1602 601 1669 salvum
648 1603 896 1672 facere:
944 1607 1002 1671 si
1046 1628 1163 1672 rex
1200 1605 1417 1672 Israel
1459 1611 1578 1689 est,
1627 1603 1985 1672 descendat
2030 1625 2201 1671 nunc
2247 1604 2328 1670 de
2375 1623 2586 1688 cruce,
2635 1609 2702 1671 et

355 1711 682 1779 credimus
730 1714 790 1778 ei
838 1713 1106 1800 (Matth.
1151 1711 1475 1795 XXVII,
1522 1712 1840 1800 40—42).

528 1816 623 1883 Et
667 1818 991 1885 dederunt
1036 1820 1095 1885 ei
1140 1821 1360 1884 vinum
1405 1818 1634 1885 bibere
1682 1840 1829 1898 cum
1868 1817 2022 1884 felle
2067 1818 2351 1885 mistum.
2428 1816 2522 1884 Et
2552 1839 2699 1884 cum

353 1930 701 2008 gustasset,
725 1925 937 1992 noluit
957 1925 1182 1993 bibere
1210 1926 1477 2014 (Matth.
1502 1925 1826 2010 XXVII,
1854 1928 1940 1993 34
1961 1947 2024 1991 u.
2043 1924 2210 1991 Luc.
2236 1923 2535 2007 XXIII,
2562 1925 2697 2012 36).

530 2030 717 2098 Unus
763 2039 984 2098 autem
1030 2033 1113 2099 de
1158 2033 1261 2100 his
1276 2082 1293 2116 ,
1341 2033 1455 2117 qui
1500 2032 1875 2118 pendebant
1890 2081 1908 2115 ,
1954 2031 2318 2100 latronibus
2335 2083 2354 2116 ,
2399 2031 2701 2117 blasphe-

351 2137 577 2205 mabat
607 2161 773 2224 eum,
817 2139 1069 2208 dicens:
1151 2139 1225 2207 Si
1264 2146 1340 2206 tu
1370 2163 1439 2208 es
1471 2138 1795 2224 Christus,
1843 2140 2093 2206 salvum
2124 2138 2233 2205 fac
2261 2140 2697 2225 temetipsum,

353 2251 421 2311 et
487 2266 623 2312 nos.
714 2247 1142 2332 Respondens
1212 2254 1431 2315 autem
1494 2249 1664 2316 alter
1735 2247 2118 2334 increpabat
2187 2268 2334 2312 eum
2351 2297 2369 2330 ,
2442 2247 2696 2313 dicens:

351 2351 585 2437 Neque
630 2359 708 2420 tu
753 2355 941 2421 times
995 2355 1221 2440 deum,
1285 2356 1463 2440 quod
1522 2356 1591 2422 in
1655 2355 1883 2422 eadem
1944 2354 2362 2421 damnatione
2424 2375 2514 2422 es,
2607 2353 2700 2420 Et

353 2482 473 2526 nos
517 2462 782 2545 quidem
829 2464 1019 2548 iuste,
1067 2486 1219 2531 nam
1266 2463 1467 2548 digna
1511 2463 1705 2530 factis
1749 2463 2132 2549 recipimus:
2187 2462 2295 2529 hic
2339 2483 2492 2529 vero
2538 2461 2700 2527 nihil

351 2567 510 2632 mali
555 2571 775 2651 gessit.
868 2571 962 2636 Et
1008 2570 1269 2638 dicebat
1314 2570 1400 2636 ad
1445 2571 1497 2637 J
1500 2593 1717 2637 esum:
1809 2570 2124 2652 Domine,
2179 2572 2502 2635 memento
2549 2569 2697 2650 mei,

354 2694 500 2740 cum
555 2675 808 2741 veneris
872 2677 939 2740 in
999 2699 1273 2762 regnum
1335 2684 1539 2743 tuum.
1633 2677 1728 2744 Et
1788 2676 1953 2742 dixit
2012 2676 2112 2743 illi
2155 2675 2207 2741 J
2209 2698 2385 2741 esus:
2480 2677 2697 2742 Amen

354 2781 499 2846 dico
531 2781 688 2848 tibi:
739 2782 961 2850 Hodie
986 2806 1240 2850 mecum
1266 2785 1393 2850 eris
1418 2784 1487 2850 in
1510 2783 1818 2869 paradiso
1845 2782 2035 2872 (Luc.
2060 2781 2354 2864 XXIII,
2389 2781 2698 2871 39—43).

531 2887 816 2954 Stabant
858 2897 1081 2957 autem
1132 2893 1319 2958 iuxta
1379 2914 1638 2958 crucem
1683 2890 1734 2956 J
1738 2913 1852 2957 esu
1913 2896 2128 2956 mater
2189 2890 2328 2956 eius
2389 2893 2455 2954 et
2515 2909 2700 2954 soror

351 2997 580 3061 matris
653 2997 791 3064 eius
807 3047 823 3080 ,
895 2998 1114 3065 Maria
1182 2997 1532 3085 Cleophae,
1611 3005 1677 3066 et
1743 2996 1960 3064 Maria
2029 2997 2440 3082 Magdalene.
2531 2993 2698 3062 Cum

350 3102 621 3170 vidisset
681 3125 837 3189 ergo
896 3104 948 3170 J
950 3126 1097 3172 esus
1159 3112 1468 3190 matrem,
1542 3112 1610 3172 et
1671 3106 2060 3192 discipulum
2121 3110 2406 3172 stantem
2425 3155 2441 3188 ,
2505 3125 2699 3189 quem

352 3210 684 3295 diligebat,
748 3213 907 3279 dicit
950 3214 1145 3281 matri
1191 3236 1379 3282 suae:
1450 3214 1711 3296 Mulier,
1761 3235 1909 3282 ecce
1953 3212 2129 3280 filius
2175 3218 2345 3279 tuus.
2435 3211 2696 3278 Deinde

351 3317 511 3384 dicit
572 3319 924 3406 discipulo:
1018 3322 1192 3390 Ecce
1254 3328 1463 3389 mater
1523 3329 1659 3389 tua.
1752 3319 1846 3388 Et
1907 3344 1986 3386 ex
2046 3321 2162 3388 illa
2220 3321 2384 3388 hora
2443 3319 2699 3402 accepit

352 3446 495 3491 eam
542 3426 898 3514 discipulus
945 3429 1011 3495 in
1059 3451 1200 3497 sua.
1293 3429 1537 3497 Postea
1583 3431 1794 3496 sciens
1839 3427 1891 3493 J
1893 3450 2041 3494 esus
2087 3427 2244 3512 quia
2289 3425 2506 3492 omnia
2553 3447 2699 3491 con-

351 3540 673 3599 summata
742 3543 895 3601 sunt
909 3584 926 3618 ,
1004 3543 1081 3602 ut
1155 3543 1720 3604 consummaretur
1796 3536 2137 3619 scriptura,
2215 3532 2409 3598 dixit:
2505 3530 2694 3599 Sitio.

350 3637 503 3706 Vas.
538 3661 692 3723 ergo
740 3647 881 3706 erat
930 3644 1221 3726 positum
1285 3649 1469 3708 aceto
1529 3643 1811 3726 plenum.
1903 3640 2019 3707 Illi
2079 3646 2298 3714 autem
2359 3641 2695 3724 spongiam

349 3744 610 3829 plenam
662 3757 849 3814 aceto
865 3795 881 3826 ,
943 3749 1223 3834 hyssopo
1286 3749 1842 3834 circumponentes
1861 3797 1878 3832 ,
1941 3747 2327 3814 obtulerunt·
2377 3747 2476 3813 ori
2537 3747 2695 3814 eius.

348 3848 515 3917 Cum
563 3876 716 3939 ergo
762 3857 1123 3940 accepisset
1165 3855 1216 3921 J
1219 3878 1366 3922 esus
1412 3862 1693 3939 acetum,
1742 3855 1936 3922 dixit:
2013 3854 2548 3922 consummatum
2597 3861 2698 3921 est

349 3958 532 4046 (Joh.
579 3959 793 4046 XIX,
843 3963 1159 4052 25—30).

527 4064 619 4133 Et
658 4069 945 4136 clamans
981 4092 1135 4137 voce
1175 4092 1413 4155 magna
1442 4069 1493 4136 J
1496 4093 1646 4138 esus
1692 4072 1817 4139 ait:
1910 4071 2113 4138 Pater
2155 4071 2226 4138 in
2270 4091 2501 4136 manus
2547 4074 2695 4136 tuas

348 4176 726 4242 commendo
788 4178 1089 4263 spiritum
1151 4201 1383 4245 meum.
1494 4177 1563 4244 A
1633 4184 1818 4244 sexta
1879 4184 2100 4244 autem
2162 4178 2324 4244 hora
2384 4175 2693 4244 tenebrae

348 4281 563 4348 factae
610 4291 763 4350 sunt
809 4306 1006 4370 super
1050 4286 1417 4352 universam
1464 4294 1708 4354 terram
1754 4309 1962 4372 usque
2007 4286 2094 4353 ad
2147 4287 2372 4354 horam
2438 4307 2694 4352 nonam.
