3200 4817
1322 297 1640 400 A&

314 513 489 600 Quid
537 514 751 582 adhuc
792 513 1234 580 desideramus
1273 513 1520 578 testes?
1613 511 1915 576 Audistis
1944 508 2446 594 blasphemiam:
2495 507 2654 595 quid

312 624 493 690 vobis
555 619 857 688 videtur?
950 618 1080 705 Qui
1144 643 1363 687 omnes
1422 619 2012 688 condemnaverunt
2076 639 2222 684 eum
2278 639 2418 684 esse
2471 641 2657 685 reum

312 731 559 798 mortis.
675 729 769 796 Et
846 735 1202 814 coeperunt
1270 727 1537 812 quidam
1607 745 1962 809 conspuere
2038 747 2218 808 eum,
2299 731 2364 791 et
2437 728 2674 792 velare.

312 836 546 903 faciem
583 838 719 903 eius
760 843 824 903 et
857 836 1144 920 colaphis
1176 857 1322 902 eum
1356 834 1650 926 caedere,
1693 840 1758 899 et
1798 834 2013 900 dicere
2056 833 2149 899 ei:
2227 832 2651 917 Prophetiza:

315 950 382 1009 et
426 945 706 1010 ministri
752 945 959 1028 alapis
1009 964 1155 1008 eum
1203 942 1566 1008 caedebant
1615 941 1845 1029 (Marc.
1895 939 2094 1022 XIV,
2144 941 2455 1028 56—65).

492 1051 720 1116 Exivit
768 1072 920 1134 ergo
968 1051 1225 1116 Pilatus
1270 1049 1354 1116 ad
1402 1071 1509 1115 eos
1555 1049 1748 1130 foraS‚
1806 1055 1874 1114 et
1921 1047 2118 1114 dixit:
2213 1046 2426 1132 Quam
2475 1069 2657 1115 accu-

314 1159 630 1224 sationem
677 1156 929 1224 affertis
973 1157 1285 1223 adversus
1330 1157 1659 1223 hominem
1714 1154 1933 1223 hunc?
2023 1155 2528 1240 Responderunt
2589 1163 2658 1222 et
2753 1199 2759 1204 -

317 1264 621 1330 dixerunt
682 1265 772 1330 ei:
868 1263 941 1332 Si
1001 1287 1131 1330 11011
1194 1271 1364 1344 esset
1424 1265 1533 1330 hic
1592 1264 1982 1330 malefactor
2001 1313 2016 1341 ,
2080 1285 2210 1330 non
2270 1263 2394 1330 tibi
2454 1264 2656 1331 tradi-

221 1442 225 1448 ,
316 1371 632 1437 dissemus
680 1393 827 1438 eum
875 1371 1055 1459 (Joh.
1107 1371 1391 1455 XVIII,
1442 1375 1544 1436 29.
1594 1371 1729 1460 30).

494 1479 693 1545 Hunc
738 1479 1099 1544 invenimus
1146 1478 1627 1544 subvertentem
1674 1484 1934 1561 gentem
1994 1485 2320 1561 nostram,
2387 1484 2453 1543 et
2513 1501 2658 1563 pro-

313 1585 648 1652 hibentem
679 1585 929 1652 tributa
960 1586 1119 1652 dare
1150 1583 1437 1666 Caesari,
1486 1591 1553 1652 et
1598 1585 1919 1652 dicentem
1959 1607 2028 1650 se
2063 1585 2397 1652 Christum
2437 1607 2656 1668 regem

314 1715 455 1758 esse
504 1693 692 1781 (Luc.
740 1692 1034 1777 XXIII,
1088 1693 1177 1780 2).

488 1799 680 1865 Dixit
727 1822 881 1882 ergo
930 1800 1022 1864 eis
1068 1799 1360 1875 Pilatus:
1454 1798 1758 1882 Accipite
1815 1821 1962 1864 eum
2008 1821 2140 1881 voS,
2189 1805 2258 1864 et
2301 1799 2656 1866 secundum

317 1905 529 1989 legem
599 1911 883 1972 vestram
951 1905 1237 1972 iudicate
1315 1927 1481 1972 eum.
1598 1905 1930 1973 Dixerunt
2007 1927 2161 1990 ergo
2239 1907 2299 1972 ei
2374 1905 2654 1972 Judaei:

315 2011 526 2079 Nobis
573 2034 702 2078 non
757 2013 912 2078 licet
968 2011 1329 2079 interficere
1392 2034 1790 2097 quemquam
1837 2062 2308 2079 ........
2399 2013 2657 2079 Pilatus

316 2167 330 2183 .
379 2168 394 2184 .
443 2168 457 2184 .
506 2119 671 2186 dixit
716 2120 808 2186 ei:
887 2119 991 2185 Tu
1039 2142 1108 2186 es
1154 2141 1269 2186 rex
1313 2118 1772 2188 Judaeorum?
1862 2121 2230 2205 Respondit
2275 2119 2327 2185 J
2329 2141 2513 2186 esus:
2585 2121 2654 2186 A

317 2227 663 2310 temetipso
710 2226 832 2292 1100
879 2226 1057 2308 dicis,
1108 2249 1193 2293 an
1238 2227 1354 2292 alii
1402 2228 1708 2294 dixerunt
1751 2227 1874 2292 tibi
1920 2228 2000 2293 de
2047 2225 2200 2294 me?
2290 2227 2659 2312 Respondit

316 2333 604 2399 Pilatus:
654 2333 831 2399 Num
864 2333 1023 2418 quid
1070 2356 1189 2418 ego
1218 2333 1271 2400 J
1272 2334 1515 2402 udaeus
1550 2333 1739 2400 sum?
1826 2333 2010 2401 Gens
2057 2342 2172 2402 tua
2219 2342 2287 2401 et
2313 2333 2658 2421 pontifices

313 2439 724 2506 tradiderunt
738 2448 803 2507 te
820 2441 1007 2506 mihi:
1036 2442 1194 2525 quid
1210 2441 1461 2508 fecisti?
1493 2442 1859 2527 Respondit
1872 2445 1917 2510 J
1919 2464 2066 2508 esus
2081 2465 2094 2506 ε
2121 2441 2425 2526 Regnum
2444 2464 2660 2508 meum

315 2569 447 2612 non
480 2553 580 2612 est
626 2548 709 2612 de
755 2548 879 2614 hoc
910 2547 1169 2630 mundo,
1217 2549 1273 2614 si
1320 2571 1399 2614 ex
1444 2549 1565 2616 hoc
1594 2548 1835 2614 mundo
1885 2554 2057 2613 esset
2107 2569 2382 2632 regnum
2427 2569 2660 2630 meum,

315 2653 593 2718 ministri
667 2655 795 2718 mei
862 2655 1089 2737 utique
1166 2654 1579 2722 decertarent
1649 2660 1724 2720 ut
1790 2676 1919 2720 non
1993 2654 2292 2722 traderer
2360 2654 2412 2720 J
2411 2655 2658 2721 udaeis.

315 2759 512 2827 Nunc
571 2765 790 2826 autem
852 2781 1123 2843 regnum
1188 2782 1402 2826 meum
1448 2781 1592 2852 non
1658 2768 1758 2828 est
1817 2761 1988 2826 hinc.
2079 2761 2271 2826 Dixit
2322 2762 2547 2845 itaque
2601 2763 2662 2828 01

320 2868 608 2944 Pilatus:
702 2866 882 2951 Ergo
928 2889 1047 2932 rex
1094 2889 1160 2932 es
1206 2865 1329 2932 tu?
1420 2853 1790 2952 Respondit
1827 2867 1879 2933 J
1881 2889 2057 2934 esus:
2149 2867 2254 2934 Tu
2299 2869 2462 2935 dicis
2505 2869 2663 2952 quia

319 2998 436 3041 rex
499 2997 641 3041 sum
705 2997 842 3058 ego.
934 2974 1081 3058 Ego
1142 2975 1211 3038 in
1270 2975 1394 3041 1100
1454 2980 1646 3040 natus
1709 2997 1884 3056 sum,
1957 2981 2022 3039 et
2081 2975 2167 3040 ad
2228 2975 2350 3045 1100
2400 2976 2548 3041 veni
2592 2977 2660 3040 in

318 3081 663 3164 mundum,
728 3086 804 3147 ut
864 3081 1305 3146 testimonium
1366 3081 1746 3166 perhibeam
1793 3082 2083 3148 veritati:
2149 3085 2357 3150 omnis
2403 3085 2516 3167 qui
2563 3089 2663 3150 est

323 3213 403 3254 ex
449 3189 742 3270 veritate,
791 3188 977 3254 audit
1021 3208 1247 3254 vocem
1293 3210 1505 3254 meam
1544 3237 1559 3254 .
1601 3237 1617 3254 .
1660 3238 1674 3254 .
1721 3238 1734 3253 .
1807 3188 2063 3255 Pilatus
2105 3238 2119 3253 .
2165 3240 2178 3254 .
2226 3189 2418 3257 dicit:
2514 3189 2659 3274 Ego

323 3297 573 3362 nullam
620 3296 878 3362 invenio
924 3294 993 3359 in
1041 3317 1117 3360 eo
1164 3316 1426 3362 causam
1477 3294 1555 3383 (J
1557 3295 1660 3362 oh.
1710 3293 1991 3377 XVIII,
2041 3301 2144 3361 31.
2197 3297 2509 3384 33—38).

495 3403 593 3468 At
630 3403 727 3469 illi
770 3402 1248 3469 invalescebant
1279 3403 1589 3470 dicentes.
1668 3400 2047 3470 Commovet
2076 3404 2389 3488 populum
2423 3403 2661 3470 docens

323 3531 438 3592 per
503 3512 869 3576 universam
937 3509 989 3575 J
987 3509 1265 3575 udaeam
1282 3559 1299 3592 ,
1369 3511 1685 3593 incipiens
1754 3531 1794 3575 a
1859 3508 2162 3576 Galilaea
2230 3532 2436 3594 usque
2504 3511 2651 3578 huc.

319 3616 575 3683 Pilatus
659 3622 877 3682 autem
962 3617 1235 3682 audiens
1320 3614 1694 3683 Galilaeam
1713 3665 1730 3699 ,
1818 3616 2246 3700 interrogavit
2327 3618 2382 3684 si
2467 3618 2662 3685 homo

318 3722 657 3790 Galilaeus
704 3731 892 3789 esset.
985 3723 1077 3789 Et
1136 3729 1212 3788 ut
1272 3725 1573 3808 cognovit
1634 3723 1811 3806 quod
1872 3723 1953 3790 de
2001 3723 2285 3790 Herodis
2331 3730 2660 3808 potestate

317 3838 517 3914 esset,
579 3831 834 3898 remisit
898 3851 1046 3895 eum
1108 3830 1193 3897 ad
1253 3830 1623 3912 Herodem,
1686 3831 1800 3913 qui
1862 3837 1928 3896 et
1987 3832 2127 3915 ipse
2180 3830 2660 3915 Hierosolymis

318 3944 462 4004 erat
536 3938 669 4003 illis
740 3937 985 4003 diebus.
1085 3937 1391 4004 Herodes
1462 3944 1682 4005 autem
1749 3938 1883 4004 viso
1954 3937 2006 4003 J
2009 3960 2157 4020 esu,
2229 3940 2490 4022 gavisus
2561 3945 2662 4004 est

316 4045 503 4112 valde
521 4095 539 4122 ,
603 4051 745 4110 erat
805 4045 975 4110 enim
1022 4046 1286 4129 cupiens
1350 4067 1427 4110 ex
1473 4046 1680 4110 multo
1733 4050 2028 4128 tempore
2073 4046 2293 4111 videre
2341 4067 2488 4110 eum
2505 4095 2522 4128 ,
2585 4067 2661 4112 eo

316 4152 492 4236 quod
524 4152 821 4218 audierat
852 4153 1057 4218 multa
1091 4152 1172 4216 de
1216 4174 1309 4233 eo,
1358 4157 1425 4216 et
1471 4152 1782 4236 sperabat
1829 4153 2084 4235 signum
2129 4152 2398 4236 aliquod
2444 4152 2662 4218 videre

318 4260 402 4326 ab
473 4281 547 4326 eo
618 4257 779 4324 fieri.
893 4258 1359 4343 Interrogabat
1428 4265 1646 4324 autem
1724 4281 1869 4324 eum
1945 4260 2164 4324 multis
2239 4259 2660 4327 sermonibus.

2232 4368 2302 4420 28
