3200 4817
1440 355 1568 416 437

340 568 459 634 hos
501 588 847 647 sermoneS,
894 564 1169 631 adduxit
1209 565 1385 630 foras
1424 563 1473 629 J
1477 587 1689 629 esum:
1741 571 1807 631 et
1852 565 2022 631 sedit
2067 587 2186 648 pro
2232 564 2568 648 tribunali,
2615 565 2682 630 in

342 675 487 741 loco
572 674 687 757 qui
770 673 1009 737 dicitur
1082 671 1530 739 Lithostrotos
1549 719 1565 752 ,
1653 671 1956 738 hebraice
2040 678 2257 738 autem
2327 671 2685 739 Gabbatha

345 781 530 869 (Joh.
578 780 862 862 XVIII,
912 778 1301 863 30—XIX,
1354 778 1483 866 13).

521 887 806 955 Sedente
849 894 1069 953 autem
1109 886 1224 954 illo
1255 909 1375 971 pro
1408 886 1744 966 tribunali,
1789 887 1970 953 misit
2009 887 2096 952 ad
2133 908 2280 953 eum
2316 905 2482 952 uxor
2529 887 2684 969 eiUS,

342 997 582 1063 dicens.
676 995 862 1061 Nihil
904 996 1047 1077 tibi,
1096 1001 1164 1060 et
1209 995 1381 1060 iusto
1428 994 1547 1076 illi,
1594 994 1804 1059 multa
1851 994 2022 1060 enim
2060 1017 2255 1079 passa
2300 1016 2442 1060 sum
2488 993 2684 1062 hodie

340 1126 458 1188 per
502 1103 711 1168 visum
757 1108 1024 1186 propter
1070 1122 1218 1168 eum
1266 1102 1531 1189 (Matth.
1582 1099 1904 1184 XXVII,
1957 1102 2088 1189 19).
2188 1140 2190 1145 2
2392 1109 2398 1112 “

720 1259 735 1274 .
804 1217 871 1276 et
934 1210 1093 1275 dicit
1138 1208 1187 1274 J
1190 1209 1447 1276 udaeis:
1540 1208 1714 1275 Ecce
1775 1231 1889 1274 rex
1956 1216 2182 1275 vester.
2288 1209 2404 1275 Illi
2464 1214 2684 1276 autem

345 1316 749 1383 clamabant:
842 1315 1063 1398 Tolle,
1125 1316 1319 1400 tolle,
1385 1315 1688 1400 crucifige
1751 1338 1914 1382 eum.
2005 1317 2192 1383 Dicit
2252 1317 2344 1383 eis
2390 1316 2680 1383 Pilatus:

340 1425 589 1509 Regem
644 1429 928 1490 vestrum
992 1421 1408 1508 crucifigam?
1498 1422 2006 1507 Responderunt
2063 1422 2437 1508 pontifices:
2530 1421 2683 1488 Non

344 1531 659 1598 habemus
706 1550 945 1617 regem,
992 1531 1118 1598 nisi
1166 1529 1517 1597 Caesarem
1567 1530 1647 1618 (J
1648 1531 1750 1597 oh.
1795 1530 2010 1613 XIX,
2061 1535 2162 1596 14.
2198 1530 2331 1618 15).

581 1689 596 1704 .
645 1687 660 1704 .
708 1644 981 1722 accepta
1026 1660 1229 1722 aqua,
1292 1639 1453 1704 lavit
1514 1660 1744 1705 man-us
1807 1659 2028 1704 coram
2086 1639 2364 1722 populo,
2428 1638 2680 1704 dicens:

339 1749 663 1813 Innocens
724 1767 845 1829 ego
908 1766 1051 1810 sum
1098 1767 1139 1810 a
1184 1745 1495 1829 sanguine
1543 1745 1700 1810 iusti
1745 1744 1968 1810 huius:
2026 1767 2140 1812 vos
2186 1744 2499 1811 videritis.
2590 1744 2684 1809 Et

340 1853 737 1937 respondens
782 1852 1122 1918 universus
1168 1852 1465 1936 populuS,
1515 1851 1714 1917 dixit:
1795 1851 2076 1935 Sanguis
2121 1852 2260 1918 eius
2302 1873 2499 1936 super
2543 1873 2680 1932 noe,

347 1966 415 2026 et
459 1981 655 2043 super
700 1958 869 2024 filios
914 1965 1191 2026 nostros.
1286 1957 1472 2024 Tunc
1520 1959 1768 2025 dimisit
1805 1959 1934 2025 illis
1964 1957 2374 2026 Barabbam:
2445 1959 2496 2026 J
2497 1980 2680 2025 esum

342 2072 564 2133 autem
638 2065 1044 2150 flagellatum
1121 2065 1397 2132 tradidit
1472 2067 1610 2132 eius
1687 2071 1760 2132 ut
1843 2066 2327 2152 crucifigeretur
2414 2065 2681 2153 (Matth.

343 2173 663 2256 XXVII,
712 2177 875 2238 24-
890 2173 1021 2261 26).
1114 2172 1206 2238 Et
1238 2179 1555 2238 venerunt
1584 2173 1651 2238 in
1682 2174 1895 2239 locum
1928 2175 2039 2257 qui
2071 2173 2312 2239 dicitur
2341 2171 2684 2258 Golgatha

342 2282 517 2366 quod
592 2287 691 2348 est
751 2279 1097 2347 Galvariae
1166 2281 1348 2346 locus
1424 2279 1690 2368 (Matth.
1752 2279 2086 2364 XXVII,
2159 2281 2291 2369 33).
2383 2281 2476 2346 Et
2536 2302 2683 2346 cum

343 2388 654 2455 ducerent
702 2411 867 2473 eum,
917 2388 1485 2472 apprehenderunt
1516 2387 1846 2455 Simonem
1895 2388 2220 2472 quendam
2249 2387 2684 2474 Cyrenensem

339 2495 698 2560 venientem
765 2496 846 2562 de
906 2496 1091 2562 villa:
1157 2501 1225 2562 et
1269 2496 1724 2580 imposuerunt
1768 2495 1865 2561 illi
1913 2517 2174 2562 crucem
2226 2501 2489 2580 portare
2534 2499 2685 2580 post

340 2599 392 2665 J
394 2621 591 2665 esum.
708 2600 1126 2685 Sequebatur
1196 2609 1415 2668 autem
1482 2603 1668 2667 illum
1740 2601 1950 2667 multa
2019 2603 2216 2668 turba
2286 2602 2542 2686 populi,
2616 2608 2682 2666 et

340 2707 721 2774 mulierum:
792 2731 961 2793 quae
1029 2709 1461 2793 plangebant,
1534 2714 1600 2773 et
1659 2709 2190 2774 lamentabantur
2257 2729 2424 2775 eum.
2518 2706 2684 2774 Gon-

341 2836 561 2880 versus
608 2820 828 2881 autem
874 2816 959 2881 ad
1004 2816 1153 2881 illas
1198 2814 1250 2880 J
1251 2837 1415 2892 esua
1463 2815 1665 2880 dixit:
1761 2815 1975 2881 Filiae
2021 2815 2416 2898 Jerusalem,
2479 2815 2684 2882 nolite

345 2920 507 2987 flere
540 2943 734 3006 super
763 2944 884 3005 me,
934 2922 1049 2988 sed
1080 2943 1277 3006 super
1305 2945 1419 2989 vos
1450 2923 1628 3007 ipsas
1669 2920 1837 3003 flete,
1886 2927 1966 2988 et.
1995 2944 2187 3007 super
2215 2922 2384 2990 filios
2415 2929 2682 2990 vestroe.

348 3026 673 3112 Quoniam
722 3051 872 3096 ecoe
917 3030 1179 3096 venient
1224 3029 1361 3096 dies
1406 3031 1474 3094 in
1518 3029 1754 3114 quibus
1777 3029 2048 3096 dicent:
2119 3030 2369 3097 Beatae
2405 3030 2680 3112 sterileS,

343 3141 409 3201 et
452 3143 741 3219 ventreS,
777 3138 891 3220 qui
934 3159 1063 3203 non
1102 3142 1483 3222 genuerunt,
1535 3143 1601 3202 et
1637 3137 1859 3218 ubera,
1907 3158 2078 3221 quae
2115 3161 2244 3204 non
2275 3137 2685 3204 lactaverunt

343 3243 533 3332 (Luc.
581 3243 875 3327 XXIII,
926 3245 1239 3334 26-29).

517 3350 609 3417 Et
650 3360 995 3438 postquam
1040 3358 1353 3419 venerunt
1412 3353 1479 3418 in
1523 3353 1739 3419 locum
1759 3401 1796 3433 ,.
1851 3353 1966 3437 qui
2010 3358 2276 3418 vocatur
2322 3350 2682 3434 Calvariae,

341 3457 433 3522 ibi
480 3459 935 3526 crucifixerunt
981 3483 1157 3526 eum:
1209 3467 1274 3527 et
1303 3461 1610 3541 latroneS,
1660 3483 1860 3526 unum
1906 3481 1948 3525 a
1980 3460 2245 3541 dextris,
2295 3465 2362 3526 et
2401 3459 2681 3524 alterum

343 3585 385 3627 a
442 3565 738 3630 sinistris·
845 3566 894 3632 J
898 3589 1045 3633 esus
1107 3574 1327 3633 autem
1390 3567 1680 3632 dicebat:
1753 3567 1954 3633 Pater
2013 3566 2268 3632 dimitte
2327 3567 2488 3632 illis:
2552 3587 2681 3632 non

343 3670 515 3737 enim
561 3671 789 3749 sciunt,
839 3674 997 3756 quid
1045 3673 1295 3740 faciunt
1343 3673 1529 3761 (Luc.
1578 3673 1870 3752 XXIII,
1899 3677 2023 3740 33.
2074 3674 2206 3763 34).
2285 3703 2294 3714 ·

428 3807 432 3813 ’
518 3779 765 3845 Milites
796 3802 951 3864 ergo
982 3802 1127 3846 cum
1159 3779 1631 3848 crucifixissent
1670 3804 1835 3863 eum,
1883 3785 2270 3867 acceperunt
2296 3781 2681 3846 vestimenta

346 3885 481 3950 eius
513 3934 528 3950 .
564 3934 579 3951 .
614 3935 629 3950 .
666 3893 732 3952 et
778 3888 1083 3953 tunicam.
1176 3887 1345 3954 Erat
1390 3896 1609 3955 autem
1655 3891 1882 3956 tunica
1923 3889 2346 3971 inconsutiIiS,
2402 3887 2680 3971 desuper

344 3999 644 4059 contexta
688 4015 806 4077 per
864 4000 1091 4060 totum.
1177 3995 1508 4063 Dixerunt
1564 4019 1718 4082 ergo
1755 3997 1852 4089 ,ad
1910 3997 2214 4063 invicem:
2305 3995 2459 4062 Non
2519 3995 2680 4060 scin-

344 4099 572 4165 damus
618 4121 763 4165 eam
780 4149 797 4182 ,
861 4102 977 4167 sed
1020 4104 1369 4168 sortiamur
1416 4104 1496 4169 de
1550 4104 1666 4169 illa
1683 4151 1700 4186 ,
1765 4105 1948 4171 cuius
2009 4105 2112 4170 sit.
2202 4103 2298 4171 Ut
2357 4104 2680 4186 scriptura

342 4207 755 4292 impleretur,
821 4208 1058 4274 dicens.
1150 4209 1393 4276 Partiti
1446 4215 1597 4276 sunt
1651 4213 2034 4278 vestimenta
2080 4233 2224 4277 mea
2269 4211 2426 4276 sibi:
2492 4216 2560 4275 et
2611 4211 2679 4274 in

342 4320 585 4387 vestem
629 4337 839 4385 meam
886 4317 1199 4387 miserunt
1243 4321 1485 4382 sortem
1532 4317 1718 4405 (Joh.
1767 4317 1980 4403 XIX,
2030 4324 2134 4384 23.
2185 4319 2318 4406 24).
