3200 4817
1479 343 1608 405 431

370 557 509 624 alia
555 555 812 639 ancilla,
860 561 927 620 et
967 555 1068 619 ait
1111 554 1235 636 his,
1282 555 1397 638 qui
1444 559 1635 620 erant
1678 553 1808 619 ibi:
1890 552 1981 618 Et
2025 552 2130 618 hic
2177 560 2321 620 erat
2367 575 2516 620 cum
2561 554 2613 620 J
2613 577 2732 623 esu

374 663 741 730 NazarenO.
832 662 923 728 Et
966 662 1208 727 iterum
1251 661 1513 745 negavit
1551 681 1700 726 cum
1737 661 2142 726 iuramento:
2205 659 2378 746 Quia
2407 683 2537 727 non
2575 663 2727 728 novi

374 769 701 836 hominem
748 769 1011 857 (Matth.
1059 766 1340 850 XXVI,
1398 767 1714 855 69—72).

551 877 741 944 Dicit
788 878 848 942 ei
892 897 1062 941 unus
1111 895 1191 940 ex
1250 874 1450 940 servis
1504 873 1831 959 pontificis
1849 923 1868 956 ,
1931 878 2248 958 cognatus
2311 875 2449 940 eius
2464 923 2482 956 ,
2544 877 2730 943 cuius

374 984 657 1051 abscidit
702 985 942 1050 Petrus
988 981 1384 1048 auriculam:
1474 979 1711 1048 Nonne
1766 1003 1886 1065 ego
1932 987 1998 1047 te
2045 981 2179 1046 vidi
2224 982 2293 1047 in
2337 980 2531 1050 horto
2579 1003 2730 1048 cum

371 1089 540 1159 illo?
635 1090 714 1178 (J
715 1090 817 1156 oh.
863 1087 1151 1171 XVIII,
1201 1087 1334 1175 26).

553 1196 737 1263 Tunc
770 1196 985 1281 coepit
1016 1194 1349 1274 detestari,
1385 1201 1451 1261 et
1481 1195 1702 1260 iurare
1733 1195 1891 1278 quia
1920 1215 2048 1260 non
2071 1196 2354 1261 novisset
2382 1195 2728 1262 hominem.

372 1303 467 1370 Et
514 1306 821 1370 continuo
870 1302 1081 1387 gallus
1128 1303 1435 1368 cantavit.
1526 1300 1622 1367 Et
1680 1300 2062 1368 recordatus
2117 1307 2214 1368 est
2259 1302 2500 1368 Petrus
2543 1301 2728 1369 verbi

369 1410 425 1476 J
426 1431 560 1495 6611,
609 1411 786 1494 quod
818 1410 1112 1476 dixerat:
1180 1408 1375 1474 Prius
1409 1429 1609 1492 quam
1639 1409 1852 1492 gallus
1891 1415 2128 1492 cantet,
2163 1414 2271 1476 ter
2299 1431 2404 1475 me
2434 1409 2725 1494 negabis.

344 1517 464 1586 Et
510 1539 805 1603 egressus
850 1517 1051 1597 foras,
1098 1513 1280 1581 flevit
1323 1537 1545 1582 amare
1594 1515 1862 1603 (Matth.
1909 1513 2190 1600 XXVI,
2241 1519 2346 1581 74.
2390 1517 2524 1604 75).

548 1731 857 1799 Pontifex
902 1751 1055 1814 ergo
1100 1730 1531 1812 interrogavit
1560 1728 1613 1794 J
1615 1749 1794 1794 esum
1833 1728 1915 1796 de
1947 1728 2282 1813 discipulis
2329 1731 2482 1812 suis,
2533 1737 2599 1796 et
2644 1730 2730 1797 de

368 1839 672 1906 doctrina
717 1840 875 1904 eius,
967 1836 1335 1920 Respondit
1383 1837 1444 1902 ei
1488 1834 1542 1902 J
1544 1857 1723 1902 esus:
1815 1835 1964 1920 Ego
2017 1835 2237 1920 palam
2283 1836 2540 1902 locutus
2585 1858 2730 1903 sum

374 1943 649 2010 mundo:
714 1928 833 2028 ego
895 1965 1151 2028 semper
1212 1942 1404 2008 docui
1448 1943 1519 2008 in
1565 1965 1934 2028 synagoga,
2001 1949 2066 2008 et
2124 1944 2195 2008 in
2253 1944 2532 2029 temp10,
2595 1965 2727 2028 quo

368 2071 599 2118 omnes
660 2051 713 2116 J
712 2051 907 2118 udaei
974 2049 1361 2115 conveniunt
1422 2055 1490 2115 et
1548 2051 1618 2114 in
1680 2049 1939 2116 occulto
2006 2050 2262 2116 locutus
2335 2071 2479 2116 sum
2547 2051 2727 2116 nihil.

374 2155 553 2242 Quid
583 2180 687 2223 me
720 2159 1085 2241 interrogas
1101 2155 1133 2221 P
1178 2158 1515 2242 interroga
1547 2178 1676 2238 666,
1724 2158 1838 2240 qui
1869 2157 2238 2238 audierunt,
2278 2156 2441 2240 quid
2470 2158 2727 2224 locutus

368 2266 502 2340 ,sim
532 2266 720 2350 ipsis:
768 2285 916 2332 ecce
947 2264 1017 2330 hi
1046 2265 1279 2348 sciunt,
1328 2285 1498 2348 quae
1540 2264 1815 2331 dixerim
1856 2285 1996 2348 ego.
2085 2263 2277 2330 Haec
2321 2270 2541 2331 autem
2579 2286 2730 2330 cum

364 2369 663 2455 dixisset,
711 2391 879 2438 unus
916 2373 1231 2438 assistens
1260 2373 1704 2438 ministrorum
1735 2371 1919 2438 dedit
1951 2373 2213 2457 alapam
2239 2369 2292 2437 J
2293 2393 2428 2454 esu,
2477 2371 2727 2439 dicens:

362 2476 481 2544 Sic
510 2479 831 2562 repondes
862 2477 1154 2564 pontifici
1169 2477 1202 2544 Ρ
1290 2478 1662 2564 Respondit
1707 2479 1768 2546 ei
1806 2477 1858 2544 J
1859 2499 2045 2544 esus:
2136 2477 2208 2544 Si
2253 2479 2426 2545 male
2471 2478 2729 2546 locutus

361 2605 535 2666 sum,
582 2587 1028 2651 testimonium
1072 2585 1346 2668 perhibe
1392 2585 1475 2651 de
1518 2586 1728 2652 malo:
1792 2586 1850 2650 si
1895 2591 2113 2651 autem
2158 2585 2324 2652 bene
2340 2636 2357 2668 ,
2415 2584 2579 2668 quid
2622 2607 2726 2651 me

372 2688 647 2756 caedis?
737 2690 829 2756 Et
895 2691 1075 2756 misit
1138 2713 1282 2756 eum
1343 2690 1579 2758 Annas
1639 2691 1918 2776 ligatum
1980 2691 2065 2756 ad
2129 2689 2454 2776 Caipham
2514 2692 2728 2775 ponti-

362 2795 559 2862 ·ficem
605 2796 688 2884 (J
687 2797 792 2863 oh.
841 2796 1126 2881 XVIII,
1179 2799 1488 2884 19—24).

555 3115 753 3180 Multi
816 3116 987 3180 enim
1048 3117 1491 3183 testimonium
1550 3115 1792 3182 falsum
1852 3116 2157 3184 dicebant
2210 3117 2523 3183 adversus
2577 3140 2727 3183 eum

357 3273 387 3288 ..
423 3273 436 3286 .
473 3273 487 3288 .
523 3229 590 3289 et
620 3221 889 3306 quidam
929 3228 1289 3306 surgentes,
1339 3222 1578 3288 falsum
1608 3224 2054 3290 testimonium
2085 3223 2384 3291 ferebant
2413 3221 2726 3290 adversus

372 3351 537 3411 eum,
586 3329 909 3395 dicentes:
988 3327 1315 3412 Quoniam
1360 3349 1480 3394 nos
1528 3329 1890 3395 audivimus
1939 3351 2086 3394 eum
2140 3329 2497 3396 dicentem:
2575 3331 2722 3414 Ego

356 3429 717 3503 dissolvam
762 3436 1080 3521 templum
1125 3436 1250 3502 hoc
1293 3457 1493 3501 manu
1539 3434 1788 3502 factum
1807 3485 1824 3518 ,
1889 3442 1958 3501 et
2016 3457 2136 3520 per
2193 3437 2486 3502 triduum
2540 3436 2724 3502 aliud

369 3562 503 3606 non
545 3561 743 3606 manu
787 3541 1041 3608 factum
1097 3541 1477 3609 aedificabo,
1574 3589 1847 3608 .....
1893 3542 1986 3608 Et
2049 3565 2368 3627 exurgens
2431 3565 2720 3610 summus

362 3646 674 3712 sacerdos
700 3648 769 3711 in
792 3647 1098 3729 medium,
1130 3649 1557 3732 interrogavit
1579 3648 1633 3713 J
1633 3668 1830 3730 esum,
1864 3648 2116 3715 dicens:
2179 3649 2333 3715 Non
2363 3650 2722 3734 respondes

367 3753 729 3836 ›quiquam
776 3753 863 3818 ad
922 3775 1001 3819 ea
1018 3803 1035 3834 ,
1098 3776 1268 3838 quae
1314 3755 1436 3821 tibi
1483 3756 1878 3822 obiiciuntur
1923 3756 2006 3821 ab
2070 3757 2172 3823 his
2190 3755 2222 3821 P
2314 3758 2442 3823 Ille
2497 3765 2722 3824 autem

359 3859 632 3925 tacebat
693 3866 759 3925 et
819 3860 983 3925 nihil
1043 3862 1399 3946 respondit.
1492 3861 1783 3928 Rursum
1839 3885 2130 3930 summus
2177 3863 2481 3931 sacerdos
2526 3865 2723 3930 inter-

366 3965 647 4050 rogabat
678 3988 845 4049 eum,
896 3974 963 4033 et
1000 3968 1168 4034 dixit
1207 3970 1299 4034 ei:
1393 3968 1497 4034 Tu
1539 3993 1608 4036 es
1643 3968 1945 4036 Christus
1976 3970 2150 4036 filius
2179 3969 2312 4036 Dei
2341 3968 2718 4036 benedicti?

358 4072 420 4137 J
424 4093 571 4138 esus
619 4080 839 4139 autem
886 4075 1049 4140 dixit
1094 4076 1227 4142 illi:
1300 4076 1447 4161 Ego
1495 4098 1672 4142 sum:
1724 4083 1790 4142 et
1834 4077 2140 4144 videbitis
2185 4076 2392 4142 filium
2437 4077 2719 4143 hominis

357 4180 704 4246 sedentem
750 4204 791 4247 a
838 4183 1085 4249 dextris
1145 4184 1403 4249 virtutis
1466 4185 1608 4266 dei,
1672 4191 1738 4251 et
1796 4186 2164 4250 venientem
2225 4205 2372 4251 cum
2432 4183 2717 4250 nubibus

350 4287 549 4352 coeli.
643 4287 947 4355 Summus
994 4296 1213 4356 autem
1261 4291 1567 4358 sacerdos
1615 4291 1915 4358 scindens
1958 4292 2345 4358 vestimenta
2392 4312 2530 4375 sua,
2587 4292 2714 4357 ait:
